[
    {
        "uuid": "3213a61c-8456-4bae-9892-5697fe90c15a",
        "side": "ask",
        "ord_type": "limit",
        "price": "700",
        "avg_price": "0",
        "state": "wait",
        "market": "KRW-DOGE",
        "created_at": "2025-03-26T06:54:02+09:00",
        "volume": "16993.15726201",
        "remaining_volume": "16993.15726201",
        "prevented_volume": "0",
        "reserved_fee": "0",
        "remaining_fee": "0",
        "paid_fee": "0",
        "locked": "16993.15726201",
        "prevented_locked": "0",
        "executed_volume": "0",
        "trades_count": 0,
        "application_name": "self_issued_open_api",
        "thirdparty": false,
        "is_cancel_and_newable": true
    },
    {
        "uuid": "C0565000000354245815",
        "side": "ask",
        "ord_type": "limit",
        "price": "699",
        "state": "wait",
        "market": "KRW-DOGE",
        "created_at": "2025-01-23T10:10:47+09:00",
        "volume": "38.21872318",
        "remaining_volume": "38.21872318",
        "reserved_fee": "0",
        "remaining_fee": "0",
        "paid_fee": "0",
        "locked": "38.21872318",
        "executed_volume": "0",
        "trades_count": 0
    },
    {
        "uuid": "C0565000000352584485",
        "side": "ask",
        "ord_type": "limit",
        "price": "698",
        "state": "wait",
        "market": "KRW-DOGE",
        "created_at": "2025-01-21T20:48:19+09:00",
        "volume": "34.64424278",
        "remaining_volume": "34.64424278",
        "reserved_fee": "0",
        "remaining_fee": "0",
        "paid_fee": "0",
        "locked": "34.64424278",
        "executed_volume": "0",
        "trades_count": 0
    },
    {
        "uuid": "C0565000000352584559",
        "side": "ask",
        "ord_type": "limit",
        "price": "697",
        "state": "wait",
        "market": "KRW-DOGE",
        "created_at": "2025-01-21T20:48:20+09:00",
        "volume": "34.64424278",
        "remaining_volume": "34.64424278",
        "reserved_fee": "0",
        "remaining_fee": "0",
        "paid_fee": "0",
        "locked": "34.64424278",
        "executed_volume": "0",
        "trades_count": 0
    },
    {
        "uuid": "C0565000000352586067",
        "side": "ask",
        "ord_type": "limit",
        "price": "696",
        "state": "wait",
        "market": "KRW-DOGE",
        "created_at": "2025-01-21T20:48:34+09:00",
        "volume": "34.80039755",
        "remaining_volume": "34.80039755",
        "reserved_fee": "0",
        "remaining_fee": "0",
        "paid_fee": "0",
        "locked": "34.80039755",
        "executed_volume": "0",
        "trades_count": 0
    },
    {
        "uuid": "C0565000000352586172",
        "side": "ask",
        "ord_type": "limit",
        "price": "695",
        "state": "wait",
        "market": "KRW-DOGE",
        "created_at": "2025-01-21T20:48:35+09:00",
        "volume": "34.80039755",
        "remaining_volume": "34.80039755",
        "reserved_fee": "0",
        "remaining_fee": "0",
        "paid_fee": "0",
        "locked": "34.80039755",
        "executed_volume": "0",
        "trades_count": 0
    },
    {
        "uuid": "C0565000000352586314",
        "side": "ask",
        "ord_type": "limit",
        "price": "694",
        "state": "wait",
        "market": "KRW-DOGE",
        "created_at": "2025-01-21T20:48:37+09:00",
        "volume": "34.80039755",
        "remaining_volume": "34.80039755",
        "reserved_fee": "0",
        "remaining_fee": "0",
        "paid_fee": "0",
        "locked": "34.80039755",
        "executed_volume": "0",
        "trades_count": 0
    },
    {
        "uuid": "C0565000000352586433",
        "side": "ask",
        "ord_type": "limit",
        "price": "693",
        "state": "wait",
        "market": "KRW-DOGE",
        "created_at": "2025-01-21T20:48:38+09:00",
        "volume": "34.80039755",
        "remaining_volume": "34.80039755",
        "reserved_fee": "0",
        "remaining_fee": "0",
        "paid_fee": "0",
        "locked": "34.80039755",
        "executed_volume": "0",
        "trades_count": 0
    },
    {
        "uuid": "C0565000000352587433",
        "side": "ask",
        "ord_type": "limit",
        "price": "692",
        "state": "wait",
        "market": "KRW-DOGE",
        "created_at": "2025-01-21T20:48:50+09:00",
        "volume": "34.9132263",
        "remaining_volume": "34.9132263",
        "reserved_fee": "0",
        "remaining_fee": "0",
        "paid_fee": "0",
        "locked": "34.9132263",
        "executed_volume": "0",
        "trades_count": 0
    },
    {
        "uuid": "C0565000000352594531",
        "side": "ask",
        "ord_type": "limit",
        "price": "691",
        "state": "wait",
        "market": "KRW-DOGE",
        "created_at": "2025-01-21T20:50:07+09:00",
        "volume": "35.00224021",
        "remaining_volume": "35.00224021",
        "reserved_fee": "0",
        "remaining_fee": "0",
        "paid_fee": "0",
        "locked": "35.00224021",
        "executed_volume": "0",
        "trades_count": 0
    },
    {
        "uuid": "C0565000000352594651",
        "side": "ask",
        "ord_type": "limit",
        "price": "690",
        "state": "wait",
        "market": "KRW-DOGE",
        "created_at": "2025-01-21T20:50:09+09:00",
        "volume": "35.00224021",
        "remaining_volume": "35.00224021",
        "reserved_fee": "0",
        "remaining_fee": "0",
        "paid_fee": "0",
        "locked": "35.00224021",
        "executed_volume": "0",
        "trades_count": 0
    },
    {
        "uuid": "C0565000000352596056",
        "side": "ask",
        "ord_type": "limit",
        "price": "689",
        "state": "wait",
        "market": "KRW-DOGE",
        "created_at": "2025-01-21T20:50:20+09:00",
        "volume": "35.51973474",
        "remaining_volume": "35.51973474",
        "reserved_fee": "0",
        "remaining_fee": "0",
        "paid_fee": "0",
        "locked": "35.51973474",
        "executed_volume": "0",
        "trades_count": 0
    },
    {
        "uuid": "C0565000000352596207",
        "side": "ask",
        "ord_type": "limit",
        "price": "688",
        "state": "wait",
        "market": "KRW-DOGE",
        "created_at": "2025-01-21T20:50:22+09:00",
        "volume": "35.51973474",
        "remaining_volume": "35.51973474",
        "reserved_fee": "0",
        "remaining_fee": "0",
        "paid_fee": "0",
        "locked": "35.51973474",
        "executed_volume": "0",
        "trades_count": 0
    },
    {
        "uuid": "C0565000000352596364",
        "side": "ask",
        "ord_type": "limit",
        "price": "687",
        "state": "wait",
        "market": "KRW-DOGE",
        "created_at": "2025-01-21T20:50:23+09:00",
        "volume": "35.51973474",
        "remaining_volume": "35.51973474",
        "reserved_fee": "0",
        "remaining_fee": "0",
        "paid_fee": "0",
        "locked": "35.51973474",
        "executed_volume": "0",
        "trades_count": 0
    },
    {
        "uuid": "C0565000000352596487",
        "side": "ask",
        "ord_type": "limit",
        "price": "686",
        "state": "wait",
        "market": "KRW-DOGE",
        "created_at": "2025-01-21T20:50:24+09:00",
        "volume": "35.51973474",
        "remaining_volume": "35.51973474",
        "reserved_fee": "0",
        "remaining_fee": "0",
        "paid_fee": "0",
        "locked": "35.51973474",
        "executed_volume": "0",
        "trades_count": 0
    },
    {
        "uuid": "C0565000000352597864",
        "side": "ask",
        "ord_type": "limit",
        "price": "685",
        "state": "wait",
        "market": "KRW-DOGE",
        "created_at": "2025-01-21T20:50:36+09:00",
        "volume": "36.11931944",
        "remaining_volume": "36.11931944",
        "reserved_fee": "0",
        "remaining_fee": "0",
        "paid_fee": "0",
        "locked": "36.11931944",
        "executed_volume": "0",
        "trades_count": 0
    },
    {
        "uuid": "C0565000000352597974",
        "side": "ask",
        "ord_type": "limit",
        "price": "684",
        "state": "wait",
        "market": "KRW-DOGE",
        "created_at": "2025-01-21T20:50:37+09:00",
        "volume": "36.11931944",
        "remaining_volume": "36.11931944",
        "reserved_fee": "0",
        "remaining_fee": "0",
        "paid_fee": "0",
        "locked": "36.11931944",
        "executed_volume": "0",
        "trades_count": 0
    },
    {
        "uuid": "C0565000000352621260",
        "side": "ask",
        "ord_type": "limit",
        "price": "683",
        "state": "wait",
        "market": "KRW-DOGE",
        "created_at": "2025-01-21T20:56:25+09:00",
        "volume": "36.24376171",
        "remaining_volume": "36.24376171",
        "reserved_fee": "0",
        "remaining_fee": "0",
        "paid_fee": "0",
        "locked": "36.24376171",
        "executed_volume": "0",
        "trades_count": 0
    },
    {
        "uuid": "C0565000000352621356",
        "side": "ask",
        "ord_type": "limit",
        "price": "682",
        "state": "wait",
        "market": "KRW-DOGE",
        "created_at": "2025-01-21T20:56:26+09:00",
        "volume": "36.24376171",
        "remaining_volume": "36.24376171",
        "reserved_fee": "0",
        "remaining_fee": "0",
        "paid_fee": "0",
        "locked": "36.24376171",
        "executed_volume": "0",
        "trades_count": 0
    },
    {
        "uuid": "C0565000000352622327",
        "side": "ask",
        "ord_type": "limit",
        "price": "681",
        "state": "wait",
        "market": "KRW-DOGE",
        "created_at": "2025-01-21T20:56:38+09:00",
        "volume": "36.36906444",
        "remaining_volume": "36.36906444",
        "reserved_fee": "0",
        "remaining_fee": "0",
        "paid_fee": "0",
        "locked": "36.36906444",
        "executed_volume": "0",
        "trades_count": 0
    },
    {
        "uuid": "C0565000000352622402",
        "side": "ask",
        "ord_type": "limit",
        "price": "680",
        "state": "wait",
        "market": "KRW-DOGE",
        "created_at": "2025-01-21T20:56:39+09:00",
        "volume": "36.36906444",
        "remaining_volume": "36.36906444",
        "reserved_fee": "0",
        "remaining_fee": "0",
        "paid_fee": "0",
        "locked": "36.36906444",
        "executed_volume": "0",
        "trades_count": 0
    },
    {
        "uuid": "C0565000000352623256",
        "side": "ask",
        "ord_type": "limit",
        "price": "679",
        "state": "wait",
        "market": "KRW-DOGE",
        "created_at": "2025-01-21T20:56:51+09:00",
        "volume": "36.46358418",
        "remaining_volume": "36.46358418",
        "reserved_fee": "0",
        "remaining_fee": "0",
        "paid_fee": "0",
        "locked": "36.46358418",
        "executed_volume": "0",
        "trades_count": 0
    },
    {
        "uuid": "C0565000000352627844",
        "side": "ask",
        "ord_type": "limit",
        "price": "678",
        "state": "wait",
        "market": "KRW-DOGE",
        "created_at": "2025-01-21T20:58:06+09:00",
        "volume": "36.526889",
        "remaining_volume": "36.526889",
        "reserved_fee": "0",
        "remaining_fee": "0",
        "paid_fee": "0",
        "locked": "36.526889",
        "executed_volume": "0",
        "trades_count": 0
    },
    {
        "uuid": "C0565000000352628538",
        "side": "ask",
        "ord_type": "limit",
        "price": "677",
        "state": "wait",
        "market": "KRW-DOGE",
        "created_at": "2025-01-21T20:58:18+09:00",
        "volume": "36.59041402",
        "remaining_volume": "36.59041402",
        "reserved_fee": "0",
        "remaining_fee": "0",
        "paid_fee": "0",
        "locked": "36.59041402",
        "executed_volume": "0",
        "trades_count": 0
    },
    {
        "uuid": "C0565000000348031754",
        "side": "ask",
        "ord_type": "limit",
        "price": "650",
        "state": "wait",
        "market": "KRW-DOGE",
        "created_at": "2025-01-17T23:07:14+09:00",
        "volume": "32.4074074",
        "remaining_volume": "32.4074074",
        "reserved_fee": "0",
        "remaining_fee": "0",
        "paid_fee": "0",
        "locked": "32.4074074",
        "executed_volume": "0",
        "trades_count": 0
    },
    {
        "uuid": "C0565000000348031716",
        "side": "ask",
        "ord_type": "limit",
        "price": "649",
        "state": "wait",
        "market": "KRW-DOGE",
        "created_at": "2025-01-17T23:07:13+09:00",
        "volume": "32.45749613",
        "remaining_volume": "32.45749613",
        "reserved_fee": "0",
        "remaining_fee": "0",
        "paid_fee": "0",
        "locked": "32.45749613",
        "executed_volume": "0",
        "trades_count": 0
    },
    {
        "uuid": "C0565000000348031693",
        "side": "ask",
        "ord_type": "limit",
        "price": "648",
        "state": "wait",
        "market": "KRW-DOGE",
        "created_at": "2025-01-17T23:07:12+09:00",
        "volume": "32.50773993",
        "remaining_volume": "32.50773993",
        "reserved_fee": "0",
        "remaining_fee": "0",
        "paid_fee": "0",
        "locked": "32.50773993",
        "executed_volume": "0",
        "trades_count": 0
    },
    {
        "uuid": "C0565000000348031678",
        "side": "ask",
        "ord_type": "limit",
        "price": "647",
        "state": "wait",
        "market": "KRW-DOGE",
        "created_at": "2025-01-17T23:07:11+09:00",
        "volume": "32.55813953",
        "remaining_volume": "32.55813953",
        "reserved_fee": "0",
        "remaining_fee": "0",
        "paid_fee": "0",
        "locked": "32.55813953",
        "executed_volume": "0",
        "trades_count": 0
    },
    {
        "uuid": "C0565000000348031659",
        "side": "ask",
        "ord_type": "limit",
        "price": "646",
        "state": "wait",
        "market": "KRW-DOGE",
        "created_at": "2025-01-17T23:07:09+09:00",
        "volume": "32.60869565",
        "remaining_volume": "32.60869565",
        "reserved_fee": "0",
        "remaining_fee": "0",
        "paid_fee": "0",
        "locked": "32.60869565",
        "executed_volume": "0",
        "trades_count": 0
    },
    {
        "uuid": "C0565000000348031645",
        "side": "ask",
        "ord_type": "limit",
        "price": "645",
        "state": "wait",
        "market": "KRW-DOGE",
        "created_at": "2025-01-17T23:07:08+09:00",
        "volume": "32.65940902",
        "remaining_volume": "32.65940902",
        "reserved_fee": "0",
        "remaining_fee": "0",
        "paid_fee": "0",
        "locked": "32.65940902",
        "executed_volume": "0",
        "trades_count": 0
    },
    {
        "uuid": "C0565000000348031630",
        "side": "ask",
        "ord_type": "limit",
        "price": "644",
        "state": "wait",
        "market": "KRW-DOGE",
        "created_at": "2025-01-17T23:07:07+09:00",
        "volume": "32.71028037",
        "remaining_volume": "32.71028037",
        "reserved_fee": "0",
        "remaining_fee": "0",
        "paid_fee": "0",
        "locked": "32.71028037",
        "executed_volume": "0",
        "trades_count": 0
    },
    {
        "uuid": "C0565000000348031621",
        "side": "ask",
        "ord_type": "limit",
        "price": "643",
        "state": "wait",
        "market": "KRW-DOGE",
        "created_at": "2025-01-17T23:07:06+09:00",
        "volume": "32.76131045",
        "remaining_volume": "32.76131045",
        "reserved_fee": "0",
        "remaining_fee": "0",
        "paid_fee": "0",
        "locked": "32.76131045",
        "executed_volume": "0",
        "trades_count": 0
    },
    {
        "uuid": "C0565000000348031604",
        "side": "ask",
        "ord_type": "limit",
        "price": "642",
        "state": "wait",
        "market": "KRW-DOGE",
        "created_at": "2025-01-17T23:07:05+09:00",
        "volume": "32.8125",
        "remaining_volume": "32.8125",
        "reserved_fee": "0",
        "remaining_fee": "0",
        "paid_fee": "0",
        "locked": "32.8125",
        "executed_volume": "0",
        "trades_count": 0
    },
    {
        "uuid": "C0565000000348031590",
        "side": "ask",
        "ord_type": "limit",
        "price": "641",
        "state": "wait",
        "market": "KRW-DOGE",
        "created_at": "2025-01-17T23:07:04+09:00",
        "volume": "32.86384976",
        "remaining_volume": "32.86384976",
        "reserved_fee": "0",
        "remaining_fee": "0",
        "paid_fee": "0",
        "locked": "32.86384976",
        "executed_volume": "0",
        "trades_count": 0
    },
    {
        "uuid": "C0565000000348567707",
        "side": "ask",
        "ord_type": "limit",
        "price": "640",
        "state": "wait",
        "market": "KRW-DOGE",
        "created_at": "2025-01-18T10:06:28+09:00",
        "volume": "32.83771705",
        "remaining_volume": "32.83771705",
        "reserved_fee": "0",
        "remaining_fee": "0",
        "paid_fee": "0",
        "locked": "32.83771705",
        "executed_volume": "0",
        "trades_count": 0
    },
    {
        "uuid": "C0565000000348570349",
        "side": "ask",
        "ord_type": "limit",
        "price": "639",
        "state": "wait",
        "market": "KRW-DOGE",
        "created_at": "2025-01-18T10:08:38+09:00",
        "volume": "31.53691253",
        "remaining_volume": "31.53691253",
        "reserved_fee": "0",
        "remaining_fee": "0",
        "paid_fee": "0",
        "locked": "31.53691253",
        "executed_volume": "0",
        "trades_count": 0
    },
    {
        "uuid": "C0565000000348571087",
        "side": "ask",
        "ord_type": "limit",
        "price": "638",
        "state": "wait",
        "market": "KRW-DOGE",
        "created_at": "2025-01-18T10:09:10+09:00",
        "volume": "31.39717425",
        "remaining_volume": "31.39717425",
        "reserved_fee": "0",
        "remaining_fee": "0",
        "paid_fee": "0",
        "locked": "31.39717425",
        "executed_volume": "0",
        "trades_count": 0
    },
    {
        "uuid": "C0565000000348573096",
        "side": "ask",
        "ord_type": "limit",
        "price": "637",
        "state": "wait",
        "market": "KRW-DOGE",
        "created_at": "2025-01-18T10:10:50+09:00",
        "volume": "39.81131509",
        "remaining_volume": "39.81131509",
        "reserved_fee": "0",
        "remaining_fee": "0",
        "paid_fee": "0",
        "locked": "39.81131509",
        "executed_volume": "0",
        "trades_count": 0
    },
    {
        "uuid": "C0565000000348573665",
        "side": "ask",
        "ord_type": "limit",
        "price": "636",
        "state": "wait",
        "market": "KRW-DOGE",
        "created_at": "2025-01-18T10:11:12+09:00",
        "volume": "31.44654088",
        "remaining_volume": "31.44654088",
        "reserved_fee": "0",
        "remaining_fee": "0",
        "paid_fee": "0",
        "locked": "31.44654088",
        "executed_volume": "0",
        "trades_count": 0
    },
    {
        "uuid": "C0565000000348586387",
        "side": "ask",
        "ord_type": "limit",
        "price": "635",
        "state": "wait",
        "market": "KRW-DOGE",
        "created_at": "2025-01-18T10:23:03+09:00",
        "volume": "37.48650381",
        "remaining_volume": "37.48650381",
        "reserved_fee": "0",
        "remaining_fee": "0",
        "paid_fee": "0",
        "locked": "37.48650381",
        "executed_volume": "0",
        "trades_count": 0
    },
    {
        "uuid": "C0565000000348586395",
        "side": "ask",
        "ord_type": "limit",
        "price": "634",
        "state": "wait",
        "market": "KRW-DOGE",
        "created_at": "2025-01-18T10:23:04+09:00",
        "volume": "37.48650381",
        "remaining_volume": "37.48650381",
        "reserved_fee": "0",
        "remaining_fee": "0",
        "paid_fee": "0",
        "locked": "37.48650381",
        "executed_volume": "0",
        "trades_count": 0
    },
    {
        "uuid": "C0565000000348662089",
        "side": "ask",
        "ord_type": "limit",
        "price": "633",
        "state": "wait",
        "market": "KRW-DOGE",
        "created_at": "2025-01-18T12:02:02+09:00",
        "volume": "31.87892405",
        "remaining_volume": "31.87892405",
        "reserved_fee": "0",
        "remaining_fee": "0",
        "paid_fee": "0",
        "locked": "31.87892405",
        "executed_volume": "0",
        "trades_count": 0
    },
    {
        "uuid": "C0565000000348663296",
        "side": "ask",
        "ord_type": "limit",
        "price": "632",
        "state": "wait",
        "market": "KRW-DOGE",
        "created_at": "2025-01-18T12:03:17+09:00",
        "volume": "31.88044469",
        "remaining_volume": "31.88044469",
        "reserved_fee": "0",
        "remaining_fee": "0",
        "paid_fee": "0",
        "locked": "31.88044469",
        "executed_volume": "0",
        "trades_count": 0
    },
    {
        "uuid": "C0565000000348669359",
        "side": "ask",
        "ord_type": "limit",
        "price": "631",
        "state": "wait",
        "market": "KRW-DOGE",
        "created_at": "2025-01-18T12:10:34+09:00",
        "volume": "31.83605809",
        "remaining_volume": "31.83605809",
        "reserved_fee": "0",
        "remaining_fee": "0",
        "paid_fee": "0",
        "locked": "31.83605809",
        "executed_volume": "0",
        "trades_count": 0
    },
    {
        "uuid": "C0565000000348670091",
        "side": "ask",
        "ord_type": "limit",
        "price": "630",
        "state": "wait",
        "market": "KRW-DOGE",
        "created_at": "2025-01-18T12:11:27+09:00",
        "volume": "31.94692813",
        "remaining_volume": "31.94692813",
        "reserved_fee": "0",
        "remaining_fee": "0",
        "paid_fee": "0",
        "locked": "31.94692813",
        "executed_volume": "0",
        "trades_count": 0
    },
    {
        "uuid": "C0565000000348671628",
        "side": "ask",
        "ord_type": "limit",
        "price": "629",
        "state": "wait",
        "market": "KRW-DOGE",
        "created_at": "2025-01-18T12:13:34+09:00",
        "volume": "32.22491401",
        "remaining_volume": "32.22491401",
        "reserved_fee": "0",
        "remaining_fee": "0",
        "paid_fee": "0",
        "locked": "32.22491401",
        "executed_volume": "0",
        "trades_count": 0
    },
    {
        "uuid": "C0565000000348672274",
        "side": "ask",
        "ord_type": "limit",
        "price": "628",
        "state": "wait",
        "market": "KRW-DOGE",
        "created_at": "2025-01-18T12:14:27+09:00",
        "volume": "32.21267942",
        "remaining_volume": "32.21267942",
        "reserved_fee": "0",
        "remaining_fee": "0",
        "paid_fee": "0",
        "locked": "32.21267942",
        "executed_volume": "0",
        "trades_count": 0
    },
    {
        "uuid": "C0565000000348673791",
        "side": "ask",
        "ord_type": "limit",
        "price": "627",
        "state": "wait",
        "market": "KRW-DOGE",
        "created_at": "2025-01-18T12:16:23+09:00",
        "volume": "32.24175036",
        "remaining_volume": "32.24175036",
        "reserved_fee": "0",
        "remaining_fee": "0",
        "paid_fee": "0",
        "locked": "32.24175036",
        "executed_volume": "0",
        "trades_count": 0
    },
    {
        "uuid": "C0565000000348673805",
        "side": "ask",
        "ord_type": "limit",
        "price": "626",
        "state": "wait",
        "market": "KRW-DOGE",
        "created_at": "2025-01-18T12:16:25+09:00",
        "volume": "32.24175036",
        "remaining_volume": "32.24175036",
        "reserved_fee": "0",
        "remaining_fee": "0",
        "paid_fee": "0",
        "locked": "32.24175036",
        "executed_volume": "0",
        "trades_count": 0
    },
    {
        "uuid": "C0565000000348678084",
        "side": "ask",
        "ord_type": "limit",
        "price": "625",
        "state": "wait",
        "market": "KRW-DOGE",
        "created_at": "2025-01-18T12:21:10+09:00",
        "volume": "32.91399987",
        "remaining_volume": "32.91399987",
        "reserved_fee": "0",
        "remaining_fee": "0",
        "paid_fee": "0",
        "locked": "32.91399987",
        "executed_volume": "0",
        "trades_count": 0
    },
    {
        "uuid": "C0565000000348678102",
        "side": "ask",
        "ord_type": "limit",
        "price": "624",
        "state": "wait",
        "market": "KRW-DOGE",
        "created_at": "2025-01-18T12:21:11+09:00",
        "volume": "32.91399987",
        "remaining_volume": "32.91399987",
        "reserved_fee": "0",
        "remaining_fee": "0",
        "paid_fee": "0",
        "locked": "32.91399987",
        "executed_volume": "0",
        "trades_count": 0
    },
    {
        "uuid": "C0565000000348678681",
        "side": "ask",
        "ord_type": "limit",
        "price": "623",
        "state": "wait",
        "market": "KRW-DOGE",
        "created_at": "2025-01-18T12:21:44+09:00",
        "volume": "41.4610521",
        "remaining_volume": "41.4610521",
        "reserved_fee": "0",
        "remaining_fee": "0",
        "paid_fee": "0",
        "locked": "41.4610521",
        "executed_volume": "0",
        "trades_count": 0
    },
    {
        "uuid": "C0565000000348682496",
        "side": "ask",
        "ord_type": "limit",
        "price": "622",
        "state": "wait",
        "market": "KRW-DOGE",
        "created_at": "2025-01-18T12:25:22+09:00",
        "volume": "32.38632432",
        "remaining_volume": "32.38632432",
        "reserved_fee": "0",
        "remaining_fee": "0",
        "paid_fee": "0",
        "locked": "32.38632432",
        "executed_volume": "0",
        "trades_count": 0
    },
    {
        "uuid": "C0565000000348682512",
        "side": "ask",
        "ord_type": "limit",
        "price": "621",
        "state": "wait",
        "market": "KRW-DOGE",
        "created_at": "2025-01-18T12:25:24+09:00",
        "volume": "32.38632432",
        "remaining_volume": "32.38632432",
        "reserved_fee": "0",
        "remaining_fee": "0",
        "paid_fee": "0",
        "locked": "32.38632432",
        "executed_volume": "0",
        "trades_count": 0
    },
    {
        "uuid": "C0565000000348682865",
        "side": "ask",
        "ord_type": "limit",
        "price": "620",
        "state": "wait",
        "market": "KRW-DOGE",
        "created_at": "2025-01-18T12:25:37+09:00",
        "volume": "34.03291946",
        "remaining_volume": "34.03291946",
        "reserved_fee": "0",
        "remaining_fee": "0",
        "paid_fee": "0",
        "locked": "34.03291946",
        "executed_volume": "0",
        "trades_count": 0
    },
    {
        "uuid": "C0565000000348683896",
        "side": "ask",
        "ord_type": "limit",
        "price": "619",
        "state": "wait",
        "market": "KRW-DOGE",
        "created_at": "2025-01-18T12:26:35+09:00",
        "volume": "33.98745405",
        "remaining_volume": "33.98745405",
        "reserved_fee": "0",
        "remaining_fee": "0",
        "paid_fee": "0",
        "locked": "33.98745405",
        "executed_volume": "0",
        "trades_count": 0
    },
    {
        "uuid": "C0565000000348689259",
        "side": "ask",
        "ord_type": "limit",
        "price": "618",
        "state": "wait",
        "market": "KRW-DOGE",
        "created_at": "2025-01-18T12:30:56+09:00",
        "volume": "34.346447",
        "remaining_volume": "34.346447",
        "reserved_fee": "0",
        "remaining_fee": "0",
        "paid_fee": "0",
        "locked": "34.346447",
        "executed_volume": "0",
        "trades_count": 0
    },
    {
        "uuid": "C0565000000348689836",
        "side": "ask",
        "ord_type": "limit",
        "price": "617",
        "state": "wait",
        "market": "KRW-DOGE",
        "created_at": "2025-01-18T12:31:18+09:00",
        "volume": "32.65320469",
        "remaining_volume": "32.65320469",
        "reserved_fee": "0",
        "remaining_fee": "0",
        "paid_fee": "0",
        "locked": "32.65320469",
        "executed_volume": "0",
        "trades_count": 0
    },
    {
        "uuid": "C0565000000348693474",
        "side": "ask",
        "ord_type": "limit",
        "price": "616",
        "state": "wait",
        "market": "KRW-DOGE",
        "created_at": "2025-01-18T12:34:11+09:00",
        "volume": "32.60930373",
        "remaining_volume": "32.60930373",
        "reserved_fee": "0",
        "remaining_fee": "0",
        "paid_fee": "0",
        "locked": "32.60930373",
        "executed_volume": "0",
        "trades_count": 0
    },
    {
        "uuid": "C0565000000348697018",
        "side": "ask",
        "ord_type": "limit",
        "price": "615",
        "state": "wait",
        "market": "KRW-DOGE",
        "created_at": "2025-01-18T12:37:38+09:00",
        "volume": "32.59906058",
        "remaining_volume": "32.59906058",
        "reserved_fee": "0",
        "remaining_fee": "0",
        "paid_fee": "0",
        "locked": "32.59906058",
        "executed_volume": "0",
        "trades_count": 0
    },
    {
        "uuid": "C0565000000348697395",
        "side": "ask",
        "ord_type": "limit",
        "price": "614",
        "state": "wait",
        "market": "KRW-DOGE",
        "created_at": "2025-01-18T12:38:00+09:00",
        "volume": "39.84393344",
        "remaining_volume": "39.84393344",
        "reserved_fee": "0",
        "remaining_fee": "0",
        "paid_fee": "0",
        "locked": "39.84393344",
        "executed_volume": "0",
        "trades_count": 0
    },
    {
        "uuid": "C0565000000348698469",
        "side": "ask",
        "ord_type": "limit",
        "price": "613",
        "state": "wait",
        "market": "KRW-DOGE",
        "created_at": "2025-01-18T12:38:43+09:00",
        "volume": "36.83669027",
        "remaining_volume": "36.83669027",
        "reserved_fee": "0",
        "remaining_fee": "0",
        "paid_fee": "0",
        "locked": "36.83669027",
        "executed_volume": "0",
        "trades_count": 0
    },
    {
        "uuid": "C0565000000348701177",
        "side": "ask",
        "ord_type": "limit",
        "price": "612",
        "state": "wait",
        "market": "KRW-DOGE",
        "created_at": "2025-01-18T12:40:54+09:00",
        "volume": "35.60346187",
        "remaining_volume": "35.60346187",
        "reserved_fee": "0",
        "remaining_fee": "0",
        "paid_fee": "0",
        "locked": "35.60346187",
        "executed_volume": "0",
        "trades_count": 0
    },
    {
        "uuid": "C0565000000348857807",
        "side": "ask",
        "ord_type": "limit",
        "price": "611",
        "state": "wait",
        "market": "KRW-DOGE",
        "created_at": "2025-01-18T15:08:14+09:00",
        "volume": "34.69505984",
        "remaining_volume": "34.69505984",
        "reserved_fee": "0",
        "remaining_fee": "0",
        "paid_fee": "0",
        "locked": "34.69505984",
        "executed_volume": "0",
        "trades_count": 0
    },
    {
        "uuid": "C0565000000348857826",
        "side": "ask",
        "ord_type": "limit",
        "price": "610",
        "state": "wait",
        "market": "KRW-DOGE",
        "created_at": "2025-01-18T15:08:15+09:00",
        "volume": "34.69505984",
        "remaining_volume": "34.69505984",
        "reserved_fee": "0",
        "remaining_fee": "0",
        "paid_fee": "0",
        "locked": "34.69505984",
        "executed_volume": "0",
        "trades_count": 0
    },
    {
        "uuid": "C0565000000349723914",
        "side": "ask",
        "ord_type": "limit",
        "price": "609",
        "state": "wait",
        "market": "KRW-DOGE",
        "created_at": "2025-01-19T11:55:35+09:00",
        "volume": "34.64980723",
        "remaining_volume": "34.64980723",
        "reserved_fee": "0",
        "remaining_fee": "0",
        "paid_fee": "0",
        "locked": "34.64980723",
        "executed_volume": "0",
        "trades_count": 0
    },
    {
        "uuid": "C0565000000349724381",
        "side": "ask",
        "ord_type": "limit",
        "price": "608",
        "state": "wait",
        "market": "KRW-DOGE",
        "created_at": "2025-01-19T11:56:18+09:00",
        "volume": "34.56064942",
        "remaining_volume": "34.56064942",
        "reserved_fee": "0",
        "remaining_fee": "0",
        "paid_fee": "0",
        "locked": "34.56064942",
        "executed_volume": "0",
        "trades_count": 0
    },
    {
        "uuid": "C0565000000349724554",
        "side": "ask",
        "ord_type": "limit",
        "price": "607",
        "state": "wait",
        "market": "KRW-DOGE",
        "created_at": "2025-01-19T11:56:40+09:00",
        "volume": "34.70984917",
        "remaining_volume": "34.70984917",
        "reserved_fee": "0",
        "remaining_fee": "0",
        "paid_fee": "0",
        "locked": "34.70984917",
        "executed_volume": "0",
        "trades_count": 0
    },
    {
        "uuid": "C0565000000349730393",
        "side": "ask",
        "ord_type": "limit",
        "price": "606",
        "state": "wait",
        "market": "KRW-DOGE",
        "created_at": "2025-01-19T12:07:12+09:00",
        "volume": "35.03429322",
        "remaining_volume": "35.03429322",
        "reserved_fee": "0",
        "remaining_fee": "0",
        "paid_fee": "0",
        "locked": "35.03429322",
        "executed_volume": "0",
        "trades_count": 0
    },
    {
        "uuid": "C0565000000349731312",
        "side": "ask",
        "ord_type": "limit",
        "price": "605",
        "state": "wait",
        "market": "KRW-DOGE",
        "created_at": "2025-01-19T12:08:57+09:00",
        "volume": "34.79175596",
        "remaining_volume": "34.79175596",
        "reserved_fee": "0",
        "remaining_fee": "0",
        "paid_fee": "0",
        "locked": "34.79175596",
        "executed_volume": "0",
        "trades_count": 0
    },
    {
        "uuid": "C0565000000349738509",
        "side": "ask",
        "ord_type": "limit",
        "price": "604",
        "state": "wait",
        "market": "KRW-DOGE",
        "created_at": "2025-01-19T12:21:57+09:00",
        "volume": "34.86434029",
        "remaining_volume": "34.86434029",
        "reserved_fee": "0",
        "remaining_fee": "0",
        "paid_fee": "0",
        "locked": "34.86434029",
        "executed_volume": "0",
        "trades_count": 0
    },
    {
        "uuid": "C0565000000349738881",
        "side": "ask",
        "ord_type": "limit",
        "price": "603",
        "state": "wait",
        "market": "KRW-DOGE",
        "created_at": "2025-01-19T12:22:40+09:00",
        "volume": "34.63562624",
        "remaining_volume": "34.63562624",
        "reserved_fee": "0",
        "remaining_fee": "0",
        "paid_fee": "0",
        "locked": "34.63562624",
        "executed_volume": "0",
        "trades_count": 0
    },
    {
        "uuid": "C0565000000349868449",
        "side": "ask",
        "ord_type": "limit",
        "price": "602",
        "state": "wait",
        "market": "KRW-DOGE",
        "created_at": "2025-01-19T15:15:06+09:00",
        "volume": "35.26146307",
        "remaining_volume": "35.26146307",
        "reserved_fee": "0",
        "remaining_fee": "0",
        "paid_fee": "0",
        "locked": "35.26146307",
        "executed_volume": "0",
        "trades_count": 0
    },
    {
        "uuid": "C0565000000349868462",
        "side": "ask",
        "ord_type": "limit",
        "price": "601",
        "state": "wait",
        "market": "KRW-DOGE",
        "created_at": "2025-01-19T15:15:07+09:00",
        "volume": "35.26146307",
        "remaining_volume": "35.26146307",
        "reserved_fee": "0",
        "remaining_fee": "0",
        "paid_fee": "0",
        "locked": "35.26146307",
        "executed_volume": "0",
        "trades_count": 0
    },
    {
        "uuid": "C0565000000349869593",
        "side": "ask",
        "ord_type": "limit",
        "price": "600",
        "state": "wait",
        "market": "KRW-DOGE",
        "created_at": "2025-01-19T15:16:56+09:00",
        "volume": "35.85478163",
        "remaining_volume": "35.85478163",
        "reserved_fee": "0",
        "remaining_fee": "0",
        "paid_fee": "0",
        "locked": "35.85478163",
        "executed_volume": "0",
        "trades_count": 0
    },
    {
        "uuid": "C0565000000349874540",
        "side": "ask",
        "ord_type": "limit",
        "price": "599",
        "state": "wait",
        "market": "KRW-DOGE",
        "created_at": "2025-01-19T15:25:16+09:00",
        "volume": "35.76629698",
        "remaining_volume": "35.76629698",
        "reserved_fee": "0",
        "remaining_fee": "0",
        "paid_fee": "0",
        "locked": "35.76629698",
        "executed_volume": "0",
        "trades_count": 0
    },
    {
        "uuid": "C0565000000349889903",
        "side": "ask",
        "ord_type": "limit",
        "price": "598",
        "state": "wait",
        "market": "KRW-DOGE",
        "created_at": "2025-01-19T15:47:26+09:00",
        "volume": "36.599735",
        "remaining_volume": "36.599735",
        "reserved_fee": "0",
        "remaining_fee": "0",
        "paid_fee": "0",
        "locked": "36.599735",
        "executed_volume": "0",
        "trades_count": 0
    },
    {
        "uuid": "C0565000000352642261",
        "side": "ask",
        "ord_type": "limit",
        "price": "597",
        "state": "wait",
        "market": "KRW-DOGE",
        "created_at": "2025-01-21T21:01:53+09:00",
        "volume": "34.66834171",
        "remaining_volume": "34.66834171",
        "reserved_fee": "0",
        "remaining_fee": "0",
        "paid_fee": "0",
        "locked": "34.66834171",
        "executed_volume": "0",
        "trades_count": 0
    },
    {
        "uuid": "C0565000000352643518",
        "side": "ask",
        "ord_type": "limit",
        "price": "596",
        "state": "wait",
        "market": "KRW-DOGE",
        "created_at": "2025-01-21T21:02:16+09:00",
        "volume": "34.61561129",
        "remaining_volume": "34.61561129",
        "reserved_fee": "0",
        "remaining_fee": "0",
        "paid_fee": "0",
        "locked": "34.61561129",
        "executed_volume": "0",
        "trades_count": 0
    },
    {
        "uuid": "C0565000000352643573",
        "side": "ask",
        "ord_type": "limit",
        "price": "595",
        "state": "wait",
        "market": "KRW-DOGE",
        "created_at": "2025-01-21T21:02:17+09:00",
        "volume": "34.61561129",
        "remaining_volume": "34.61561129",
        "reserved_fee": "0",
        "remaining_fee": "0",
        "paid_fee": "0",
        "locked": "34.61561129",
        "executed_volume": "0",
        "trades_count": 0
    },
    {
        "uuid": "C0565000000352643647",
        "side": "ask",
        "ord_type": "limit",
        "price": "594",
        "state": "wait",
        "market": "KRW-DOGE",
        "created_at": "2025-01-21T21:02:18+09:00",
        "volume": "34.61561129",
        "remaining_volume": "34.61561129",
        "reserved_fee": "0",
        "remaining_fee": "0",
        "paid_fee": "0",
        "locked": "34.61561129",
        "executed_volume": "0",
        "trades_count": 0
    },
    {
        "uuid": "C0565000000352643693",
        "side": "ask",
        "ord_type": "limit",
        "price": "593",
        "state": "wait",
        "market": "KRW-DOGE",
        "created_at": "2025-01-21T21:02:19+09:00",
        "volume": "34.61561129",
        "remaining_volume": "34.61561129",
        "reserved_fee": "0",
        "remaining_fee": "0",
        "paid_fee": "0",
        "locked": "34.61561129",
        "executed_volume": "0",
        "trades_count": 0
    },
    {
        "uuid": "C0565000000352580800",
        "side": "bid",
        "ord_type": "limit",
        "price": "593",
        "state": "wait",
        "market": "KRW-DOGE",
        "created_at": "2025-01-21T20:47:39+09:00",
        "volume": "34.55873263",
        "remaining_volume": "34.55873263",
        "reserved_fee": "51.233321123975",
        "remaining_fee": "51.233321123975",
        "paid_fee": "0",
        "locked": "20545.561770713975",
        "executed_volume": "0",
        "trades_count": 0
    },
    {
        "uuid": "C0565000000352643721",
        "side": "ask",
        "ord_type": "limit",
        "price": "592",
        "state": "wait",
        "market": "KRW-DOGE",
        "created_at": "2025-01-21T21:02:20+09:00",
        "volume": "34.61561129",
        "remaining_volume": "34.61561129",
        "reserved_fee": "0",
        "remaining_fee": "0",
        "paid_fee": "0",
        "locked": "34.61561129",
        "executed_volume": "0",
        "trades_count": 0
    },
    {
        "uuid": "C0565000000352580689",
        "side": "bid",
        "ord_type": "limit",
        "price": "592",
        "state": "wait",
        "market": "KRW-DOGE",
        "created_at": "2025-01-21T20:47:38+09:00",
        "volume": "34.61710886",
        "remaining_volume": "34.61710886",
        "reserved_fee": "51.2333211128",
        "remaining_fee": "51.2333211128",
        "paid_fee": "0",
        "locked": "20545.5617662328",
        "executed_volume": "0",
        "trades_count": 0
    },
    {
        "uuid": "C0565000000352643758",
        "side": "ask",
        "ord_type": "limit",
        "price": "591",
        "state": "wait",
        "market": "KRW-DOGE",
        "created_at": "2025-01-21T21:02:22+09:00",
        "volume": "34.61561129",
        "remaining_volume": "34.61561129",
        "reserved_fee": "0",
        "remaining_fee": "0",
        "paid_fee": "0",
        "locked": "34.61561129",
        "executed_volume": "0",
        "trades_count": 0
    },
    {
        "uuid": "C0565000000352580562",
        "side": "bid",
        "ord_type": "limit",
        "price": "591",
        "state": "wait",
        "market": "KRW-DOGE",
        "created_at": "2025-01-21T20:47:37+09:00",
        "volume": "34.67568265",
        "remaining_volume": "34.67568265",
        "reserved_fee": "51.233321115375",
        "remaining_fee": "51.233321115375",
        "paid_fee": "0",
        "locked": "20545.561767265375",
        "executed_volume": "0",
        "trades_count": 0
    },
    {
        "uuid": "C0565000000352643809",
        "side": "ask",
        "ord_type": "limit",
        "price": "590",
        "state": "wait",
        "market": "KRW-DOGE",
        "created_at": "2025-01-21T21:02:23+09:00",
        "volume": "34.61561129",
        "remaining_volume": "34.61561129",
        "reserved_fee": "0",
        "remaining_fee": "0",
        "paid_fee": "0",
        "locked": "34.61561129",
        "executed_volume": "0",
        "trades_count": 0
    },
    {
        "uuid": "C0565000000352579283",
        "side": "bid",
        "ord_type": "limit",
        "price": "590",
        "state": "wait",
        "market": "KRW-DOGE",
        "created_at": "2025-01-21T20:47:24+09:00",
        "volume": "34.91322627",
        "remaining_volume": "34.91322627",
        "reserved_fee": "51.49700874825",
        "remaining_fee": "51.49700874825",
        "paid_fee": "0",
        "locked": "20651.30050804825",
        "executed_volume": "0",
        "trades_count": 0
    },
    {
        "uuid": "C0565000000352643868",
        "side": "ask",
        "ord_type": "limit",
        "price": "589",
        "state": "wait",
        "market": "KRW-DOGE",
        "created_at": "2025-01-21T21:02:24+09:00",
        "volume": "34.61561129",
        "remaining_volume": "34.61561129",
        "reserved_fee": "0",
        "remaining_fee": "0",
        "paid_fee": "0",
        "locked": "34.61561129",
        "executed_volume": "0",
        "trades_count": 0
    },
    {
        "uuid": "C0565000000352579168",
        "side": "bid",
        "ord_type": "limit",
        "price": "589",
        "state": "wait",
        "market": "KRW-DOGE",
        "created_at": "2025-01-21T20:47:23+09:00",
        "volume": "34.97250169",
        "remaining_volume": "34.97250169",
        "reserved_fee": "51.497008738525",
        "remaining_fee": "51.497008738525",
        "paid_fee": "0",
        "locked": "20651.300504148525",
        "executed_volume": "0",
        "trades_count": 0
    },
    {
        "uuid": "C0565000000352643925",
        "side": "ask",
        "ord_type": "limit",
        "price": "588",
        "state": "wait",
        "market": "KRW-DOGE",
        "created_at": "2025-01-21T21:02:25+09:00",
        "volume": "34.61561129",
        "remaining_volume": "34.61561129",
        "reserved_fee": "0",
        "remaining_fee": "0",
        "paid_fee": "0",
        "locked": "34.61561129",
        "executed_volume": "0",
        "trades_count": 0
    },
    {
        "uuid": "C0565000000352579081",
        "side": "bid",
        "ord_type": "limit",
        "price": "588",
        "state": "wait",
        "market": "KRW-DOGE",
        "created_at": "2025-01-21T20:47:21+09:00",
        "volume": "35.03197874",
        "remaining_volume": "35.03197874",
        "reserved_fee": "51.4970087478",
        "remaining_fee": "51.4970087478",
        "paid_fee": "0",
        "locked": "20651.3005078678",
        "executed_volume": "0",
        "trades_count": 0
    },
    {
        "uuid": "C0565000000352658490",
        "side": "ask",
        "ord_type": "limit",
        "price": "587",
        "state": "wait",
        "market": "KRW-DOGE",
        "created_at": "2025-01-21T21:07:38+09:00",
        "volume": "34.58517445",
        "remaining_volume": "34.58517445",
        "reserved_fee": "0",
        "remaining_fee": "0",
        "paid_fee": "0",
        "locked": "34.58517445",
        "executed_volume": "0",
        "trades_count": 0
    },
    {
        "uuid": "C0565000000352577557",
        "side": "bid",
        "ord_type": "limit",
        "price": "587",
        "state": "wait",
        "market": "KRW-DOGE",
        "created_at": "2025-01-21T20:47:04+09:00",
        "volume": "35.13711064",
        "remaining_volume": "35.13711064",
        "reserved_fee": "51.5637098642",
        "remaining_fee": "51.5637098642",
        "paid_fee": "0",
        "locked": "20678.0476555442",
        "executed_volume": "0",
        "trades_count": 0
    },
    {
        "uuid": "C0565000000352658583",
        "side": "ask",
        "ord_type": "limit",
        "price": "586",
        "state": "wait",
        "market": "KRW-DOGE",
        "created_at": "2025-01-21T21:07:39+09:00",
        "volume": "34.58517445",
        "remaining_volume": "34.58517445",
        "reserved_fee": "0",
        "remaining_fee": "0",
        "paid_fee": "0",
        "locked": "34.58517445",
        "executed_volume": "0",
        "trades_count": 0
    },
    {
        "uuid": "C0565000000352575775",
        "side": "bid",
        "ord_type": "limit",
        "price": "586",
        "state": "wait",
        "market": "KRW-DOGE",
        "created_at": "2025-01-21T20:46:36+09:00",
        "volume": "35.29479749",
        "remaining_volume": "35.29479749",
        "reserved_fee": "51.70687832285",
        "remaining_fee": "51.70687832285",
        "paid_fee": "0",
        "locked": "20735.45820746285",
        "executed_volume": "0",
        "trades_count": 0
    },
    {
        "uuid": "C0565000000352658648",
        "side": "ask",
        "ord_type": "limit",
        "price": "585",
        "state": "wait",
        "market": "KRW-DOGE",
        "created_at": "2025-01-21T21:07:40+09:00",
        "volume": "34.58517445",
        "remaining_volume": "34.58517445",
        "reserved_fee": "0",
        "remaining_fee": "0",
        "paid_fee": "0",
        "locked": "34.58517445",
        "executed_volume": "0",
        "trades_count": 0
    },
    {
        "uuid": "C0565000000352575018",
        "side": "bid",
        "ord_type": "limit",
        "price": "585",
        "state": "wait",
        "market": "KRW-DOGE",
        "created_at": "2025-01-21T20:46:23+09:00",
        "volume": "35.80154512",
        "remaining_volume": "35.80154512",
        "reserved_fee": "52.359759738",
        "remaining_fee": "52.359759738",
        "paid_fee": "0",
        "locked": "20997.263654938",
        "executed_volume": "0",
        "trades_count": 0
    },
    {
        "uuid": "C0565000000352658720",
        "side": "ask",
        "ord_type": "limit",
        "price": "584",
        "state": "wait",
        "market": "KRW-DOGE",
        "created_at": "2025-01-21T21:07:42+09:00",
        "volume": "34.58517445",
        "remaining_volume": "34.58517445",
        "reserved_fee": "0",
        "remaining_fee": "0",
        "paid_fee": "0",
        "locked": "34.58517445",
        "executed_volume": "0",
        "trades_count": 0
    },
    {
        "uuid": "C0565000000352574028",
        "side": "bid",
        "ord_type": "limit",
        "price": "584",
        "state": "wait",
        "market": "KRW-DOGE",
        "created_at": "2025-01-21T20:46:08+09:00",
        "volume": "35.84548573",
        "remaining_volume": "35.84548573",
        "reserved_fee": "52.3344091658",
        "remaining_fee": "52.3344091658",
        "paid_fee": "0",
        "locked": "20987.0980754858",
        "executed_volume": "0",
        "trades_count": 0
    },
    {
        "uuid": "C0565000000352663402",
        "side": "ask",
        "ord_type": "limit",
        "price": "583",
        "state": "wait",
        "market": "KRW-DOGE",
        "created_at": "2025-01-21T21:09:07+09:00",
        "volume": "34.65946121",
        "remaining_volume": "34.65946121",
        "reserved_fee": "0",
        "remaining_fee": "0",
        "paid_fee": "0",
        "locked": "34.65946121",
        "executed_volume": "0",
        "trades_count": 0
    },
    {
        "uuid": "C0565000000352573093",
        "side": "bid",
        "ord_type": "limit",
        "price": "583",
        "state": "wait",
        "market": "KRW-DOGE",
        "created_at": "2025-01-21T20:45:52+09:00",
        "volume": "36.08831572",
        "remaining_volume": "36.08831572",
        "reserved_fee": "52.5987201619",
        "remaining_fee": "52.5987201619",
        "paid_fee": "0",
        "locked": "21093.0867849219",
        "executed_volume": "0",
        "trades_count": 0
    },
    {
        "uuid": "C0565000000352678347",
        "side": "ask",
        "ord_type": "limit",
        "price": "582",
        "state": "wait",
        "market": "KRW-DOGE",
        "created_at": "2025-01-21T21:15:27+09:00",
        "volume": "34.86494857",
        "remaining_volume": "34.86494857",
        "reserved_fee": "0",
        "remaining_fee": "0",
        "paid_fee": "0",
        "locked": "34.86494857",
        "executed_volume": "0",
        "trades_count": 0
    },
    {
        "uuid": "C0565000000352573012",
        "side": "bid",
        "ord_type": "limit",
        "price": "582",
        "state": "wait",
        "market": "KRW-DOGE",
        "created_at": "2025-01-21T20:45:51+09:00",
        "volume": "36.15032313",
        "remaining_volume": "36.15032313",
        "reserved_fee": "52.59872015415",
        "remaining_fee": "52.59872015415",
        "paid_fee": "0",
        "locked": "21093.08678181415",
        "executed_volume": "0",
        "trades_count": 0
    },
    {
        "uuid": "C0565000000352678385",
        "side": "ask",
        "ord_type": "limit",
        "price": "581",
        "state": "wait",
        "market": "KRW-DOGE",
        "created_at": "2025-01-21T21:15:28+09:00",
        "volume": "34.86494857",
        "remaining_volume": "34.86494857",
        "reserved_fee": "0",
        "remaining_fee": "0",
        "paid_fee": "0",
        "locked": "34.86494857",
        "executed_volume": "0",
        "trades_count": 0
    },
    {
        "uuid": "C0565000000352572951",
        "side": "bid",
        "ord_type": "limit",
        "price": "581",
        "state": "wait",
        "market": "KRW-DOGE",
        "created_at": "2025-01-21T20:45:50+09:00",
        "volume": "36.212544",
        "remaining_volume": "36.212544",
        "reserved_fee": "52.59872016",
        "remaining_fee": "52.59872016",
        "paid_fee": "0",
        "locked": "21093.08678416",
        "executed_volume": "0",
        "trades_count": 0
    },
    {
        "uuid": "C0565000000352678427",
        "side": "ask",
        "ord_type": "limit",
        "price": "580",
        "state": "wait",
        "market": "KRW-DOGE",
        "created_at": "2025-01-21T21:15:29+09:00",
        "volume": "34.86494857",
        "remaining_volume": "34.86494857",
        "reserved_fee": "0",
        "remaining_fee": "0",
        "paid_fee": "0",
        "locked": "34.86494857",
        "executed_volume": "0",
        "trades_count": 0
    },
    {
        "uuid": "C0565000000352666556",
        "side": "bid",
        "ord_type": "limit",
        "price": "580",
        "state": "wait",
        "market": "KRW-DOGE",
        "created_at": "2025-01-21T21:10:20+09:00",
        "volume": "34.96746827",
        "remaining_volume": "34.96746827",
        "reserved_fee": "50.7028289915",
        "remaining_fee": "50.7028289915",
        "paid_fee": "0",
        "locked": "20332.8344255915",
        "executed_volume": "0",
        "trades_count": 0
    },
    {
        "uuid": "C0565000000352679280",
        "side": "ask",
        "ord_type": "limit",
        "price": "579",
        "state": "wait",
        "market": "KRW-DOGE",
        "created_at": "2025-01-21T21:15:41+09:00",
        "volume": "35.08191448",
        "remaining_volume": "35.08191448",
        "reserved_fee": "0",
        "remaining_fee": "0",
        "paid_fee": "0",
        "locked": "35.08191448",
        "executed_volume": "0",
        "trades_count": 0
    },
    {
        "uuid": "C0565000000352661768",
        "side": "bid",
        "ord_type": "limit",
        "price": "579",
        "state": "wait",
        "market": "KRW-DOGE",
        "created_at": "2025-01-21T21:08:38+09:00",
        "volume": "34.87454749",
        "remaining_volume": "34.87454749",
        "reserved_fee": "50.480907491775",
        "remaining_fee": "50.480907491775",
        "paid_fee": "0",
        "locked": "20243.843904201775",
        "executed_volume": "0",
        "trades_count": 0
    },
    {
        "uuid": "C0565000000352679315",
        "side": "ask",
        "ord_type": "limit",
        "price": "578",
        "state": "wait",
        "market": "KRW-DOGE",
        "created_at": "2025-01-21T21:15:42+09:00",
        "volume": "35.08191448",
        "remaining_volume": "35.08191448",
        "reserved_fee": "0",
        "remaining_fee": "0",
        "paid_fee": "0",
        "locked": "35.08191448",
        "executed_volume": "0",
        "trades_count": 0
    },
    {
        "uuid": "C0565000000352661173",
        "side": "bid",
        "ord_type": "limit",
        "price": "578",
        "state": "wait",
        "market": "KRW-DOGE",
        "created_at": "2025-01-21T21:08:26+09:00",
        "volume": "35.02461557",
        "remaining_volume": "35.02461557",
        "reserved_fee": "50.61056949865",
        "remaining_fee": "50.61056949865",
        "paid_fee": "0",
        "locked": "20295.83836895865",
        "executed_volume": "0",
        "trades_count": 0
    },
    {
        "uuid": "C0565000000352679360",
        "side": "ask",
        "ord_type": "limit",
        "price": "577",
        "state": "wait",
        "market": "KRW-DOGE",
        "created_at": "2025-01-21T21:15:43+09:00",
        "volume": "35.08191448",
        "remaining_volume": "35.08191448",
        "reserved_fee": "0",
        "remaining_fee": "0",
        "paid_fee": "0",
        "locked": "35.08191448",
        "executed_volume": "0",
        "trades_count": 0
    },
    {
        "uuid": "C0565000000352648706",
        "side": "bid",
        "ord_type": "limit",
        "price": "577",
        "state": "wait",
        "market": "KRW-DOGE",
        "created_at": "2025-01-21T21:04:11+09:00",
        "volume": "34.95480779",
        "remaining_volume": "34.95480779",
        "reserved_fee": "50.422310237075",
        "remaining_fee": "50.422310237075",
        "paid_fee": "0",
        "locked": "20220.346405067075",
        "executed_volume": "0",
        "trades_count": 0
    },
    {
        "uuid": "C0565000000352679412",
        "side": "ask",
        "ord_type": "limit",
        "price": "576",
        "state": "wait",
        "market": "KRW-DOGE",
        "created_at": "2025-01-21T21:15:44+09:00",
        "volume": "35.08191448",
        "remaining_volume": "35.08191448",
        "reserved_fee": "0",
        "remaining_fee": "0",
        "paid_fee": "0",
        "locked": "35.08191448",
        "executed_volume": "0",
        "trades_count": 0
    },
    {
        "uuid": "C0565000000352648659",
        "side": "bid",
        "ord_type": "limit",
        "price": "576",
        "state": "wait",
        "market": "KRW-DOGE",
        "created_at": "2025-01-21T21:04:10+09:00",
        "volume": "35.01549322",
        "remaining_volume": "35.01549322",
        "reserved_fee": "50.4223102368",
        "remaining_fee": "50.4223102368",
        "paid_fee": "0",
        "locked": "20220.3464049568",
        "executed_volume": "0",
        "trades_count": 0
    },
    {
        "uuid": "C0565000000356822604",
        "side": "ask",
        "ord_type": "limit",
        "price": "575",
        "state": "wait",
        "market": "KRW-DOGE",
        "created_at": "2025-01-26T18:50:56+09:00",
        "volume": "36.52173914",
        "remaining_volume": "36.52173914",
        "reserved_fee": "0",
        "remaining_fee": "0",
        "paid_fee": "0",
        "locked": "36.52173914",
        "executed_volume": "0",
        "trades_count": 0
    },
    {
        "uuid": "C0565000000352645277",
        "side": "bid",
        "ord_type": "limit",
        "price": "575",
        "state": "wait",
        "market": "KRW-DOGE",
        "created_at": "2025-01-21T21:02:55+09:00",
        "volume": "35.03341875",
        "remaining_volume": "35.03341875",
        "reserved_fee": "50.360539453125",
        "remaining_fee": "50.360539453125",
        "paid_fee": "0",
        "locked": "20195.576320703125",
        "executed_volume": "0",
        "trades_count": 0
    },
    {
        "uuid": "C0565000000356823291",
        "side": "ask",
        "ord_type": "limit",
        "price": "574",
        "state": "wait",
        "market": "KRW-DOGE",
        "created_at": "2025-01-26T18:52:39+09:00",
        "volume": "40.66604995",
        "remaining_volume": "40.66604995",
        "reserved_fee": "0",
        "remaining_fee": "0",
        "paid_fee": "0",
        "locked": "40.66604995",
        "executed_volume": "0",
        "trades_count": 0
    },
    {
        "uuid": "C0565000000352645210",
        "side": "bid",
        "ord_type": "limit",
        "price": "574",
        "state": "wait",
        "market": "KRW-DOGE",
        "created_at": "2025-01-21T21:02:54+09:00",
        "volume": "35.09445258",
        "remaining_volume": "35.09445258",
        "reserved_fee": "50.3605394523",
        "remaining_fee": "50.3605394523",
        "paid_fee": "0",
        "locked": "20195.5763203723",
        "executed_volume": "0",
        "trades_count": 0
    },
    {
        "uuid": "C0565000000356823305",
        "side": "ask",
        "ord_type": "limit",
        "price": "573",
        "state": "wait",
        "market": "KRW-DOGE",
        "created_at": "2025-01-26T18:52:41+09:00",
        "volume": "40.66604995",
        "remaining_volume": "40.66604995",
        "reserved_fee": "0",
        "remaining_fee": "0",
        "paid_fee": "0",
        "locked": "40.66604995",
        "executed_volume": "0",
        "trades_count": 0
    },
    {
        "uuid": "C0565000000352645167",
        "side": "bid",
        "ord_type": "limit",
        "price": "573",
        "state": "wait",
        "market": "KRW-DOGE",
        "created_at": "2025-01-21T21:02:52+09:00",
        "volume": "35.15569944",
        "remaining_volume": "35.15569944",
        "reserved_fee": "50.3605394478",
        "remaining_fee": "50.3605394478",
        "paid_fee": "0",
        "locked": "20195.5763185678",
        "executed_volume": "0",
        "trades_count": 0
    },
    {
        "uuid": "C0565000000356823308",
        "side": "ask",
        "ord_type": "limit",
        "price": "572",
        "state": "wait",
        "market": "KRW-DOGE",
        "created_at": "2025-01-26T18:52:42+09:00",
        "volume": "40.66604995",
        "remaining_volume": "40.66604995",
        "reserved_fee": "0",
        "remaining_fee": "0",
        "paid_fee": "0",
        "locked": "40.66604995",
        "executed_volume": "0",
        "trades_count": 0
    },
    {
        "uuid": "C0565000000352645120",
        "side": "bid",
        "ord_type": "limit",
        "price": "572",
        "state": "wait",
        "market": "KRW-DOGE",
        "created_at": "2025-01-21T21:02:51+09:00",
        "volume": "35.21716045",
        "remaining_volume": "35.21716045",
        "reserved_fee": "50.3605394435",
        "remaining_fee": "50.3605394435",
        "paid_fee": "0",
        "locked": "20195.5763168435",
        "executed_volume": "0",
        "trades_count": 0
    },
    {
        "uuid": "C0565000000356823312",
        "side": "ask",
        "ord_type": "limit",
        "price": "571",
        "state": "wait",
        "market": "KRW-DOGE",
        "created_at": "2025-01-26T18:52:43+09:00",
        "volume": "40.66604995",
        "remaining_volume": "40.66604995",
        "reserved_fee": "0",
        "remaining_fee": "0",
        "paid_fee": "0",
        "locked": "40.66604995",
        "executed_volume": "0",
        "trades_count": 0
    },
    {
        "uuid": "C0565000000352645054",
        "side": "bid",
        "ord_type": "limit",
        "price": "571",
        "state": "wait",
        "market": "KRW-DOGE",
        "created_at": "2025-01-21T21:02:50+09:00",
        "volume": "35.27883674",
        "remaining_volume": "35.27883674",
        "reserved_fee": "50.36053944635",
        "remaining_fee": "50.36053944635",
        "paid_fee": "0",
        "locked": "20195.57631798635",
        "executed_volume": "0",
        "trades_count": 0
    },
    {
        "uuid": "C0565000000356823314",
        "side": "ask",
        "ord_type": "limit",
        "price": "570",
        "state": "wait",
        "market": "KRW-DOGE",
        "created_at": "2025-01-26T18:52:44+09:00",
        "volume": "40.66604995",
        "remaining_volume": "40.66604995",
        "reserved_fee": "0",
        "remaining_fee": "0",
        "paid_fee": "0",
        "locked": "40.66604995",
        "executed_volume": "0",
        "trades_count": 0
    },
    {
        "uuid": "C0565000000352645000",
        "side": "bid",
        "ord_type": "limit",
        "price": "570",
        "state": "wait",
        "market": "KRW-DOGE",
        "created_at": "2025-01-21T21:02:49+09:00",
        "volume": "35.34072944",
        "remaining_volume": "35.34072944",
        "reserved_fee": "50.360539452",
        "remaining_fee": "50.360539452",
        "paid_fee": "0",
        "locked": "20195.576320252",
        "executed_volume": "0",
        "trades_count": 0
    },
    {
        "uuid": "C0565000000356823319",
        "side": "ask",
        "ord_type": "limit",
        "price": "569",
        "state": "wait",
        "market": "KRW-DOGE",
        "created_at": "2025-01-26T18:52:45+09:00",
        "volume": "40.66604995",
        "remaining_volume": "40.66604995",
        "reserved_fee": "0",
        "remaining_fee": "0",
        "paid_fee": "0",
        "locked": "40.66604995",
        "executed_volume": "0",
        "trades_count": 0
    },
    {
        "uuid": "C0565000000352545260",
        "side": "bid",
        "ord_type": "limit",
        "price": "569",
        "state": "wait",
        "market": "KRW-DOGE",
        "created_at": "2025-01-21T20:38:58+09:00",
        "volume": "37.65886159",
        "remaining_volume": "37.65886159",
        "reserved_fee": "53.569730611775",
        "remaining_fee": "53.569730611775",
        "paid_fee": "0",
        "locked": "21482.461975321775",
        "executed_volume": "0",
        "trades_count": 0
    },
    {
        "uuid": "C0565000000356823323",
        "side": "ask",
        "ord_type": "limit",
        "price": "568",
        "state": "wait",
        "market": "KRW-DOGE",
        "created_at": "2025-01-26T18:52:46+09:00",
        "volume": "40.66604995",
        "remaining_volume": "40.66604995",
        "reserved_fee": "0",
        "remaining_fee": "0",
        "paid_fee": "0",
        "locked": "40.66604995",
        "executed_volume": "0",
        "trades_count": 0
    },
    {
        "uuid": "C0565000000352544431",
        "side": "bid",
        "ord_type": "limit",
        "price": "568",
        "state": "wait",
        "market": "KRW-DOGE",
        "created_at": "2025-01-21T20:38:45+09:00",
        "volume": "37.92227183",
        "remaining_volume": "37.92227183",
        "reserved_fee": "53.8496259986",
        "remaining_fee": "53.8496259986",
        "paid_fee": "0",
        "locked": "21594.7000254386",
        "executed_volume": "0",
        "trades_count": 0
    },
    {
        "uuid": "C0565000000356823335",
        "side": "ask",
        "ord_type": "limit",
        "price": "567",
        "state": "wait",
        "market": "KRW-DOGE",
        "created_at": "2025-01-26T18:52:47+09:00",
        "volume": "40.66604995",
        "remaining_volume": "40.66604995",
        "reserved_fee": "0",
        "remaining_fee": "0",
        "paid_fee": "0",
        "locked": "40.66604995",
        "executed_volume": "0",
        "trades_count": 0
    },
    {
        "uuid": "C0565000000352544371",
        "side": "bid",
        "ord_type": "limit",
        "price": "567",
        "state": "wait",
        "market": "KRW-DOGE",
        "created_at": "2025-01-21T20:38:44+09:00",
        "volume": "37.98915414",
        "remaining_volume": "37.98915414",
        "reserved_fee": "53.84962599345",
        "remaining_fee": "53.84962599345",
        "paid_fee": "0",
        "locked": "21594.70002337345",
        "executed_volume": "0",
        "trades_count": 0
    },
    {
        "uuid": "C0565000000356823342",
        "side": "ask",
        "ord_type": "limit",
        "price": "566",
        "state": "wait",
        "market": "KRW-DOGE",
        "created_at": "2025-01-26T18:52:49+09:00",
        "volume": "40.66604995",
        "remaining_volume": "40.66604995",
        "reserved_fee": "0",
        "remaining_fee": "0",
        "paid_fee": "0",
        "locked": "40.66604995",
        "executed_volume": "0",
        "trades_count": 0
    },
    {
        "uuid": "C0565000000352542911",
        "side": "bid",
        "ord_type": "limit",
        "price": "566",
        "state": "wait",
        "market": "KRW-DOGE",
        "created_at": "2025-01-21T20:38:15+09:00",
        "volume": "38.12587932",
        "remaining_volume": "38.12587932",
        "reserved_fee": "53.9481192378",
        "remaining_fee": "53.9481192378",
        "paid_fee": "0",
        "locked": "21634.1958143578",
        "executed_volume": "0",
        "trades_count": 0
    },
    {
        "uuid": "C0565000000356823353",
        "side": "ask",
        "ord_type": "limit",
        "price": "565",
        "state": "wait",
        "market": "KRW-DOGE",
        "created_at": "2025-01-26T18:52:50+09:00",
        "volume": "40.66604995",
        "remaining_volume": "40.66604995",
        "reserved_fee": "0",
        "remaining_fee": "0",
        "paid_fee": "0",
        "locked": "40.66604995",
        "executed_volume": "0",
        "trades_count": 0
    },
    {
        "uuid": "C0565000000352539251",
        "side": "bid",
        "ord_type": "limit",
        "price": "565",
        "state": "wait",
        "market": "KRW-DOGE",
        "created_at": "2025-01-21T20:37:12+09:00",
        "volume": "38.04242477",
        "remaining_volume": "38.04242477",
        "reserved_fee": "53.734924987625",
        "remaining_fee": "53.734924987625",
        "paid_fee": "0",
        "locked": "21548.704920037625",
        "executed_volume": "0",
        "trades_count": 0
    },
    {
        "uuid": "C0565000000356823368",
        "side": "ask",
        "ord_type": "limit",
        "price": "564",
        "state": "wait",
        "market": "KRW-DOGE",
        "created_at": "2025-01-26T18:52:51+09:00",
        "volume": "40.66604995",
        "remaining_volume": "40.66604995",
        "reserved_fee": "0",
        "remaining_fee": "0",
        "paid_fee": "0",
        "locked": "40.66604995",
        "executed_volume": "0",
        "trades_count": 0
    },
    {
        "uuid": "C0565000000352755120",
        "side": "bid",
        "ord_type": "limit",
        "price": "564",
        "state": "wait",
        "market": "KRW-DOGE",
        "created_at": "2025-01-21T21:58:22+09:00",
        "volume": "38.31501489",
        "remaining_volume": "38.31501489",
        "reserved_fee": "54.0241709949",
        "remaining_fee": "54.0241709949",
        "paid_fee": "0",
        "locked": "21664.6925689549",
        "executed_volume": "0",
        "trades_count": 0
    },
    {
        "uuid": "C0565000000356823376",
        "side": "ask",
        "ord_type": "limit",
        "price": "563",
        "state": "wait",
        "market": "KRW-DOGE",
        "created_at": "2025-01-26T18:52:52+09:00",
        "volume": "40.66604995",
        "remaining_volume": "40.66604995",
        "reserved_fee": "0",
        "remaining_fee": "0",
        "paid_fee": "0",
        "locked": "40.66604995",
        "executed_volume": "0",
        "trades_count": 0
    },
    {
        "uuid": "C0565000000352749339",
        "side": "bid",
        "ord_type": "limit",
        "price": "563",
        "state": "wait",
        "market": "KRW-DOGE",
        "created_at": "2025-01-21T21:53:18+09:00",
        "volume": "38.20768348",
        "remaining_volume": "38.20768348",
        "reserved_fee": "53.7773144981",
        "remaining_fee": "53.7773144981",
        "paid_fee": "0",
        "locked": "21565.7031137381",
        "executed_volume": "0",
        "trades_count": 0
    },
    {
        "uuid": "C0565000000356823385",
        "side": "ask",
        "ord_type": "limit",
        "price": "562",
        "state": "wait",
        "market": "KRW-DOGE",
        "created_at": "2025-01-26T18:52:53+09:00",
        "volume": "40.66604995",
        "remaining_volume": "40.66604995",
        "reserved_fee": "0",
        "remaining_fee": "0",
        "paid_fee": "0",
        "locked": "40.66604995",
        "executed_volume": "0",
        "trades_count": 0
    },
    {
        "uuid": "C0565000000352746932",
        "side": "bid",
        "ord_type": "limit",
        "price": "562",
        "state": "wait",
        "market": "KRW-DOGE",
        "created_at": "2025-01-21T21:51:27+09:00",
        "volume": "38.70515409",
        "remaining_volume": "38.70515409",
        "reserved_fee": "54.38074149645",
        "remaining_fee": "54.38074149645",
        "paid_fee": "0",
        "locked": "21807.67734007645",
        "executed_volume": "0",
        "trades_count": 0
    },
    {
        "uuid": "C0565000000356823392",
        "side": "ask",
        "ord_type": "limit",
        "price": "561",
        "state": "wait",
        "market": "KRW-DOGE",
        "created_at": "2025-01-26T18:52:54+09:00",
        "volume": "40.66604995",
        "remaining_volume": "40.66604995",
        "reserved_fee": "0",
        "remaining_fee": "0",
        "paid_fee": "0",
        "locked": "40.66604995",
        "executed_volume": "0",
        "trades_count": 0
    },
    {
        "uuid": "C0565000000352725178",
        "side": "bid",
        "ord_type": "limit",
        "price": "561",
        "state": "wait",
        "market": "KRW-DOGE",
        "created_at": "2025-01-21T21:37:30+09:00",
        "volume": "38.17677397",
        "remaining_volume": "38.17677397",
        "reserved_fee": "53.542925492925",
        "remaining_fee": "53.542925492925",
        "paid_fee": "0",
        "locked": "21471.713122662925",
        "executed_volume": "0",
        "trades_count": 0
    },
    {
        "uuid": "C0565000000356823405",
        "side": "ask",
        "ord_type": "limit",
        "price": "560",
        "state": "wait",
        "market": "KRW-DOGE",
        "created_at": "2025-01-26T18:52:55+09:00",
        "volume": "40.66604995",
        "remaining_volume": "40.66604995",
        "reserved_fee": "0",
        "remaining_fee": "0",
        "paid_fee": "0",
        "locked": "40.66604995",
        "executed_volume": "0",
        "trades_count": 0
    },
    {
        "uuid": "C0565000000352724807",
        "side": "bid",
        "ord_type": "limit",
        "price": "560",
        "state": "wait",
        "market": "KRW-DOGE",
        "created_at": "2025-01-21T21:37:18+09:00",
        "volume": "38.49073464",
        "remaining_volume": "38.49073464",
        "reserved_fee": "53.887028496",
        "remaining_fee": "53.887028496",
        "paid_fee": "0",
        "locked": "21609.698426896",
        "executed_volume": "0",
        "trades_count": 0
    },
    {
        "uuid": "C0565000000356823414",
        "side": "ask",
        "ord_type": "limit",
        "price": "559",
        "state": "wait",
        "market": "KRW-DOGE",
        "created_at": "2025-01-26T18:52:56+09:00",
        "volume": "40.66604995",
        "remaining_volume": "40.66604995",
        "reserved_fee": "0",
        "remaining_fee": "0",
        "paid_fee": "0",
        "locked": "40.66604995",
        "executed_volume": "0",
        "trades_count": 0
    },
    {
        "uuid": "C0565000000352536299",
        "side": "bid",
        "ord_type": "limit",
        "price": "559",
        "state": "wait",
        "market": "KRW-DOGE",
        "created_at": "2025-01-21T20:36:30+09:00",
        "volume": "39.22333488",
        "remaining_volume": "39.22333488",
        "reserved_fee": "54.8146104948",
        "remaining_fee": "54.8146104948",
        "paid_fee": "0",
        "locked": "21981.6588084148",
        "executed_volume": "0",
        "trades_count": 0
    },
    {
        "uuid": "C0565000000356823423",
        "side": "ask",
        "ord_type": "limit",
        "price": "558",
        "state": "wait",
        "market": "KRW-DOGE",
        "created_at": "2025-01-26T18:52:58+09:00",
        "volume": "40.66604995",
        "remaining_volume": "40.66604995",
        "reserved_fee": "0",
        "remaining_fee": "0",
        "paid_fee": "0",
        "locked": "40.66604995",
        "executed_volume": "0",
        "trades_count": 0
    },
    {
        "uuid": "C0565000000352504778",
        "side": "bid",
        "ord_type": "limit",
        "price": "558",
        "state": "wait",
        "market": "KRW-DOGE",
        "created_at": "2025-01-21T20:30:26+09:00",
        "volume": "38.65237804",
        "remaining_volume": "38.65237804",
        "reserved_fee": "53.9200673658",
        "remaining_fee": "53.9200673658",
        "paid_fee": "0",
        "locked": "21622.9470136858",
        "executed_volume": "0",
        "trades_count": 0
    },
    {
        "uuid": "C0565000000356823427",
        "side": "ask",
        "ord_type": "limit",
        "price": "557",
        "state": "wait",
        "market": "KRW-DOGE",
        "created_at": "2025-01-26T18:52:59+09:00",
        "volume": "40.66604995",
        "remaining_volume": "40.66604995",
        "reserved_fee": "0",
        "remaining_fee": "0",
        "paid_fee": "0",
        "locked": "40.66604995",
        "executed_volume": "0",
        "trades_count": 0
    },
    {
        "uuid": "C0565000000352504648",
        "side": "bid",
        "ord_type": "limit",
        "price": "557",
        "state": "wait",
        "market": "KRW-DOGE",
        "created_at": "2025-01-21T20:30:24+09:00",
        "volume": "38.7217719",
        "remaining_volume": "38.7217719",
        "reserved_fee": "53.92006737075",
        "remaining_fee": "53.92006737075",
        "paid_fee": "0",
        "locked": "21622.94701567075",
        "executed_volume": "0",
        "trades_count": 0
    },
    {
        "uuid": "C0565000000356823433",
        "side": "ask",
        "ord_type": "limit",
        "price": "556",
        "state": "wait",
        "market": "KRW-DOGE",
        "created_at": "2025-01-26T18:53:00+09:00",
        "volume": "40.66604995",
        "remaining_volume": "40.66604995",
        "reserved_fee": "0",
        "remaining_fee": "0",
        "paid_fee": "0",
        "locked": "40.66604995",
        "executed_volume": "0",
        "trades_count": 0
    },
    {
        "uuid": "C0565000000352504580",
        "side": "bid",
        "ord_type": "limit",
        "price": "556",
        "state": "wait",
        "market": "KRW-DOGE",
        "created_at": "2025-01-21T20:30:23+09:00",
        "volume": "38.79141537",
        "remaining_volume": "38.79141537",
        "reserved_fee": "53.9200673643",
        "remaining_fee": "53.9200673643",
        "paid_fee": "0",
        "locked": "21622.9470130843",
        "executed_volume": "0",
        "trades_count": 0
    },
    {
        "uuid": "C0565000000356823440",
        "side": "ask",
        "ord_type": "limit",
        "price": "555",
        "state": "wait",
        "market": "KRW-DOGE",
        "created_at": "2025-01-26T18:53:01+09:00",
        "volume": "40.66604995",
        "remaining_volume": "40.66604995",
        "reserved_fee": "0",
        "remaining_fee": "0",
        "paid_fee": "0",
        "locked": "40.66604995",
        "executed_volume": "0",
        "trades_count": 0
    },
    {
        "uuid": "C0565000000352504489",
        "side": "bid",
        "ord_type": "limit",
        "price": "555",
        "state": "wait",
        "market": "KRW-DOGE",
        "created_at": "2025-01-21T20:30:22+09:00",
        "volume": "38.86130981",
        "remaining_volume": "38.86130981",
        "reserved_fee": "53.920067361375",
        "remaining_fee": "53.920067361375",
        "paid_fee": "0",
        "locked": "21622.947011911375",
        "executed_volume": "0",
        "trades_count": 0
    },
    {
        "uuid": "C0565000000356823449",
        "side": "ask",
        "ord_type": "limit",
        "price": "554",
        "state": "wait",
        "market": "KRW-DOGE",
        "created_at": "2025-01-26T18:53:02+09:00",
        "volume": "40.66604995",
        "remaining_volume": "40.66604995",
        "reserved_fee": "0",
        "remaining_fee": "0",
        "paid_fee": "0",
        "locked": "40.66604995",
        "executed_volume": "0",
        "trades_count": 0
    },
    {
        "uuid": "C0565000000352500485",
        "side": "bid",
        "ord_type": "limit",
        "price": "554",
        "state": "wait",
        "market": "KRW-DOGE",
        "created_at": "2025-01-21T20:29:35+09:00",
        "volume": "38.74376895",
        "remaining_volume": "38.74376895",
        "reserved_fee": "53.66011999575",
        "remaining_fee": "53.66011999575",
        "paid_fee": "0",
        "locked": "21518.70811829575",
        "executed_volume": "0",
        "trades_count": 0
    },
    {
        "uuid": "C0565000000356823462",
        "side": "ask",
        "ord_type": "limit",
        "price": "553",
        "state": "wait",
        "market": "KRW-DOGE",
        "created_at": "2025-01-26T18:53:03+09:00",
        "volume": "40.66604995",
        "remaining_volume": "40.66604995",
        "reserved_fee": "0",
        "remaining_fee": "0",
        "paid_fee": "0",
        "locked": "40.66604995",
        "executed_volume": "0",
        "trades_count": 0
    },
    {
        "uuid": "C0565000000352500339",
        "side": "bid",
        "ord_type": "limit",
        "price": "553",
        "state": "wait",
        "market": "KRW-DOGE",
        "created_at": "2025-01-21T20:29:34+09:00",
        "volume": "38.81383001",
        "remaining_volume": "38.81383001",
        "reserved_fee": "53.660119988825",
        "remaining_fee": "53.660119988825",
        "paid_fee": "0",
        "locked": "21518.708115518825",
        "executed_volume": "0",
        "trades_count": 0
    },
    {
        "uuid": "C0565000000356823474",
        "side": "ask",
        "ord_type": "limit",
        "price": "552",
        "state": "wait",
        "market": "KRW-DOGE",
        "created_at": "2025-01-26T18:53:04+09:00",
        "volume": "40.66604995",
        "remaining_volume": "40.66604995",
        "reserved_fee": "0",
        "remaining_fee": "0",
        "paid_fee": "0",
        "locked": "40.66604995",
        "executed_volume": "0",
        "trades_count": 0
    },
    {
        "uuid": "C0565000000352495169",
        "side": "bid",
        "ord_type": "limit",
        "price": "552",
        "state": "wait",
        "market": "KRW-DOGE",
        "created_at": "2025-01-21T20:28:45+09:00",
        "volume": "39.63942246",
        "remaining_volume": "39.63942246",
        "reserved_fee": "54.7024029948",
        "remaining_fee": "54.7024029948",
        "paid_fee": "0",
        "locked": "21936.6636009148",
        "executed_volume": "0",
        "trades_count": 0
    },
    {
        "uuid": "C0565000000356823484",
        "side": "ask",
        "ord_type": "limit",
        "price": "551",
        "state": "wait",
        "market": "KRW-DOGE",
        "created_at": "2025-01-26T18:53:05+09:00",
        "volume": "40.66604995",
        "remaining_volume": "40.66604995",
        "reserved_fee": "0",
        "remaining_fee": "0",
        "paid_fee": "0",
        "locked": "40.66604995",
        "executed_volume": "0",
        "trades_count": 0
    },
    {
        "uuid": "C0565000000352495083",
        "side": "bid",
        "ord_type": "limit",
        "price": "551",
        "state": "wait",
        "market": "KRW-DOGE",
        "created_at": "2025-01-21T20:28:44+09:00",
        "volume": "39.71136333",
        "remaining_volume": "39.71136333",
        "reserved_fee": "54.702402987075",
        "remaining_fee": "54.702402987075",
        "paid_fee": "0",
        "locked": "21936.663597817075",
        "executed_volume": "0",
        "trades_count": 0
    },
    {
        "uuid": "C0565000000360371620",
        "side": "ask",
        "ord_type": "limit",
        "price": "550",
        "state": "wait",
        "market": "KRW-DOGE",
        "created_at": "2025-01-30T21:15:23+09:00",
        "volume": "40.66604995",
        "remaining_volume": "40.66604995",
        "reserved_fee": "0",
        "remaining_fee": "0",
        "paid_fee": "0",
        "locked": "40.66604995",
        "executed_volume": "0",
        "trades_count": 0
    },
    {
        "uuid": "C0565000000352494245",
        "side": "bid",
        "ord_type": "limit",
        "price": "550",
        "state": "wait",
        "market": "KRW-DOGE",
        "created_at": "2025-01-21T20:28:31+09:00",
        "volume": "37.77861047",
        "remaining_volume": "37.77861047",
        "reserved_fee": "51.94558939625",
        "remaining_fee": "51.94558939625",
        "paid_fee": "0",
        "locked": "20831.18134789625",
        "executed_volume": "0",
        "trades_count": 0
    },
    {
        "uuid": "C0565000000360371610",
        "side": "ask",
        "ord_type": "limit",
        "price": "549",
        "state": "wait",
        "market": "KRW-DOGE",
        "created_at": "2025-01-30T21:15:21+09:00",
        "volume": "40.66604995",
        "remaining_volume": "40.66604995",
        "reserved_fee": "0",
        "remaining_fee": "0",
        "paid_fee": "0",
        "locked": "40.66604995",
        "executed_volume": "0",
        "trades_count": 0
    },
    {
        "uuid": "C0565000000352494162",
        "side": "bid",
        "ord_type": "limit",
        "price": "549",
        "state": "wait",
        "market": "KRW-DOGE",
        "created_at": "2025-01-21T20:28:30+09:00",
        "volume": "37.84742397",
        "remaining_volume": "37.84742397",
        "reserved_fee": "51.945589398825",
        "remaining_fee": "51.945589398825",
        "paid_fee": "0",
        "locked": "20831.181348928825",
        "executed_volume": "0",
        "trades_count": 0
    },
    {
        "uuid": "C0565000000360371600",
        "side": "ask",
        "ord_type": "limit",
        "price": "548",
        "state": "wait",
        "market": "KRW-DOGE",
        "created_at": "2025-01-30T21:15:20+09:00",
        "volume": "40.66604995",
        "remaining_volume": "40.66604995",
        "reserved_fee": "0",
        "remaining_fee": "0",
        "paid_fee": "0",
        "locked": "40.66604995",
        "executed_volume": "0",
        "trades_count": 0
    },
    {
        "uuid": "C0565000000352494097",
        "side": "bid",
        "ord_type": "limit",
        "price": "548",
        "state": "wait",
        "market": "KRW-DOGE",
        "created_at": "2025-01-21T20:28:29+09:00",
        "volume": "37.91648861",
        "remaining_volume": "37.91648861",
        "reserved_fee": "51.9455893957",
        "remaining_fee": "51.9455893957",
        "paid_fee": "0",
        "locked": "20831.1813476757",
        "executed_volume": "0",
        "trades_count": 0
    },
    {
        "uuid": "C0565000000360371583",
        "side": "ask",
        "ord_type": "limit",
        "price": "547",
        "state": "wait",
        "market": "KRW-DOGE",
        "created_at": "2025-01-30T21:15:19+09:00",
        "volume": "40.66604995",
        "remaining_volume": "40.66604995",
        "reserved_fee": "0",
        "remaining_fee": "0",
        "paid_fee": "0",
        "locked": "40.66604995",
        "executed_volume": "0",
        "trades_count": 0
    },
    {
        "uuid": "C0565000000352494025",
        "side": "bid",
        "ord_type": "limit",
        "price": "547",
        "state": "wait",
        "market": "KRW-DOGE",
        "created_at": "2025-01-21T20:28:28+09:00",
        "volume": "37.98580577",
        "remaining_volume": "37.98580577",
        "reserved_fee": "51.945589390475",
        "remaining_fee": "51.945589390475",
        "paid_fee": "0",
        "locked": "20831.181345580475",
        "executed_volume": "0",
        "trades_count": 0
    },
    {
        "uuid": "C0565000000359595692",
        "side": "ask",
        "ord_type": "limit",
        "price": "546",
        "state": "wait",
        "market": "KRW-DOGE",
        "created_at": "2025-01-29T23:44:46+09:00",
        "volume": "40.66604995",
        "remaining_volume": "40.66604995",
        "reserved_fee": "0",
        "remaining_fee": "0",
        "paid_fee": "0",
        "locked": "40.66604995",
        "executed_volume": "0",
        "trades_count": 0
    },
    {
        "uuid": "C0565000000352493948",
        "side": "bid",
        "ord_type": "limit",
        "price": "546",
        "state": "wait",
        "market": "KRW-DOGE",
        "created_at": "2025-01-21T20:28:26+09:00",
        "volume": "38.05537684",
        "remaining_volume": "38.05537684",
        "reserved_fee": "51.9455893866",
        "remaining_fee": "51.9455893866",
        "paid_fee": "0",
        "locked": "20831.1813440266",
        "executed_volume": "0",
        "trades_count": 0
    },
    {
        "uuid": "C0565000000359595679",
        "side": "ask",
        "ord_type": "limit",
        "price": "545",
        "state": "wait",
        "market": "KRW-DOGE",
        "created_at": "2025-01-29T23:44:45+09:00",
        "volume": "40.66604995",
        "remaining_volume": "40.66604995",
        "reserved_fee": "0",
        "remaining_fee": "0",
        "paid_fee": "0",
        "locked": "40.66604995",
        "executed_volume": "0",
        "trades_count": 0
    },
    {
        "uuid": "C0565000000352493865",
        "side": "bid",
        "ord_type": "limit",
        "price": "545",
        "state": "wait",
        "market": "KRW-DOGE",
        "created_at": "2025-01-21T20:28:25+09:00",
        "volume": "38.12520322",
        "remaining_volume": "38.12520322",
        "reserved_fee": "51.94558938725",
        "remaining_fee": "51.94558938725",
        "paid_fee": "0",
        "locked": "20831.18134428725",
        "executed_volume": "0",
        "trades_count": 0
    },
    {
        "uuid": "C0565000000359595666",
        "side": "ask",
        "ord_type": "limit",
        "price": "544",
        "state": "wait",
        "market": "KRW-DOGE",
        "created_at": "2025-01-29T23:44:44+09:00",
        "volume": "40.66604995",
        "remaining_volume": "40.66604995",
        "reserved_fee": "0",
        "remaining_fee": "0",
        "paid_fee": "0",
        "locked": "40.66604995",
        "executed_volume": "0",
        "trades_count": 0
    },
    {
        "uuid": "C0565000000352493733",
        "side": "bid",
        "ord_type": "limit",
        "price": "544",
        "state": "wait",
        "market": "KRW-DOGE",
        "created_at": "2025-01-21T20:28:24+09:00",
        "volume": "38.19528632",
        "remaining_volume": "38.19528632",
        "reserved_fee": "51.9455893952",
        "remaining_fee": "51.9455893952",
        "paid_fee": "0",
        "locked": "20831.1813474752",
        "executed_volume": "0",
        "trades_count": 0
    },
    {
        "uuid": "C0565000000359595650",
        "side": "ask",
        "ord_type": "limit",
        "price": "543",
        "state": "wait",
        "market": "KRW-DOGE",
        "created_at": "2025-01-29T23:44:43+09:00",
        "volume": "40.66604995",
        "remaining_volume": "40.66604995",
        "reserved_fee": "0",
        "remaining_fee": "0",
        "paid_fee": "0",
        "locked": "40.66604995",
        "executed_volume": "0",
        "trades_count": 0
    },
    {
        "uuid": "C0565000000352493557",
        "side": "bid",
        "ord_type": "limit",
        "price": "543",
        "state": "wait",
        "market": "KRW-DOGE",
        "created_at": "2025-01-21T20:28:23+09:00",
        "volume": "38.26562755",
        "remaining_volume": "38.26562755",
        "reserved_fee": "51.945589399125",
        "remaining_fee": "51.945589399125",
        "paid_fee": "0",
        "locked": "20831.181349049125",
        "executed_volume": "0",
        "trades_count": 0
    },
    {
        "uuid": "C0565000000359595632",
        "side": "ask",
        "ord_type": "limit",
        "price": "542",
        "state": "wait",
        "market": "KRW-DOGE",
        "created_at": "2025-01-29T23:44:42+09:00",
        "volume": "40.66604995",
        "remaining_volume": "40.66604995",
        "reserved_fee": "0",
        "remaining_fee": "0",
        "paid_fee": "0",
        "locked": "40.66604995",
        "executed_volume": "0",
        "trades_count": 0
    },
    {
        "uuid": "C0565000000352493482",
        "side": "bid",
        "ord_type": "limit",
        "price": "542",
        "state": "wait",
        "market": "KRW-DOGE",
        "created_at": "2025-01-21T20:28:22+09:00",
        "volume": "38.33622833",
        "remaining_volume": "38.33622833",
        "reserved_fee": "51.94558938715",
        "remaining_fee": "51.94558938715",
        "paid_fee": "0",
        "locked": "20831.18134424715",
        "executed_volume": "0",
        "trades_count": 0
    },
    {
        "uuid": "C0565000000359595619",
        "side": "ask",
        "ord_type": "limit",
        "price": "541",
        "state": "wait",
        "market": "KRW-DOGE",
        "created_at": "2025-01-29T23:44:41+09:00",
        "volume": "40.66604995",
        "remaining_volume": "40.66604995",
        "reserved_fee": "0",
        "remaining_fee": "0",
        "paid_fee": "0",
        "locked": "40.66604995",
        "executed_volume": "0",
        "trades_count": 0
    },
    {
        "uuid": "C0565000000352493415",
        "side": "bid",
        "ord_type": "limit",
        "price": "541",
        "state": "wait",
        "market": "KRW-DOGE",
        "created_at": "2025-01-21T20:28:21+09:00",
        "volume": "38.40709012",
        "remaining_volume": "38.40709012",
        "reserved_fee": "51.9455893873",
        "remaining_fee": "51.9455893873",
        "paid_fee": "0",
        "locked": "20831.1813443073",
        "executed_volume": "0",
        "trades_count": 0
    },
    {
        "uuid": "C0565000000359595607",
        "side": "ask",
        "ord_type": "limit",
        "price": "540",
        "state": "wait",
        "market": "KRW-DOGE",
        "created_at": "2025-01-29T23:44:39+09:00",
        "volume": "40.66604995",
        "remaining_volume": "40.66604995",
        "reserved_fee": "0",
        "remaining_fee": "0",
        "paid_fee": "0",
        "locked": "40.66604995",
        "executed_volume": "0",
        "trades_count": 0
    },
    {
        "uuid": "C0565000000352489501",
        "side": "bid",
        "ord_type": "limit",
        "price": "540",
        "state": "wait",
        "market": "KRW-DOGE",
        "created_at": "2025-01-21T20:27:38+09:00",
        "volume": "37.40804111",
        "remaining_volume": "37.40804111",
        "reserved_fee": "50.5008554985",
        "remaining_fee": "50.5008554985",
        "paid_fee": "0",
        "locked": "20251.8430548985",
        "executed_volume": "0",
        "trades_count": 0
    },
    {
        "uuid": "C0565000000359595594",
        "side": "ask",
        "ord_type": "limit",
        "price": "539",
        "state": "wait",
        "market": "KRW-DOGE",
        "created_at": "2025-01-29T23:44:38+09:00",
        "volume": "40.66604995",
        "remaining_volume": "40.66604995",
        "reserved_fee": "0",
        "remaining_fee": "0",
        "paid_fee": "0",
        "locked": "40.66604995",
        "executed_volume": "0",
        "trades_count": 0
    },
    {
        "uuid": "C0565000000352489415",
        "side": "bid",
        "ord_type": "limit",
        "price": "539",
        "state": "wait",
        "market": "KRW-DOGE",
        "created_at": "2025-01-21T20:27:37+09:00",
        "volume": "37.47744378",
        "remaining_volume": "37.47744378",
        "reserved_fee": "50.50085549355",
        "remaining_fee": "50.50085549355",
        "paid_fee": "0",
        "locked": "20251.84305291355",
        "executed_volume": "0",
        "trades_count": 0
    },
    {
        "uuid": "C0565000000359595581",
        "side": "ask",
        "ord_type": "limit",
        "price": "538",
        "state": "wait",
        "market": "KRW-DOGE",
        "created_at": "2025-01-29T23:44:37+09:00",
        "volume": "40.66604995",
        "remaining_volume": "40.66604995",
        "reserved_fee": "0",
        "remaining_fee": "0",
        "paid_fee": "0",
        "locked": "40.66604995",
        "executed_volume": "0",
        "trades_count": 0
    },
    {
        "uuid": "C0565000000352489327",
        "side": "bid",
        "ord_type": "limit",
        "price": "538",
        "state": "wait",
        "market": "KRW-DOGE",
        "created_at": "2025-01-21T20:27:36+09:00",
        "volume": "37.54710446",
        "remaining_volume": "37.54710446",
        "reserved_fee": "50.5008554987",
        "remaining_fee": "50.5008554987",
        "paid_fee": "0",
        "locked": "20251.8430549787",
        "executed_volume": "0",
        "trades_count": 0
    },
    {
        "uuid": "C0565000000359595566",
        "side": "ask",
        "ord_type": "limit",
        "price": "537",
        "state": "wait",
        "market": "KRW-DOGE",
        "created_at": "2025-01-29T23:44:36+09:00",
        "volume": "40.66604995",
        "remaining_volume": "40.66604995",
        "reserved_fee": "0",
        "remaining_fee": "0",
        "paid_fee": "0",
        "locked": "40.66604995",
        "executed_volume": "0",
        "trades_count": 0
    },
    {
        "uuid": "C0565000000352489230",
        "side": "bid",
        "ord_type": "limit",
        "price": "537",
        "state": "wait",
        "market": "KRW-DOGE",
        "created_at": "2025-01-21T20:27:35+09:00",
        "volume": "37.61702458",
        "remaining_volume": "37.61702458",
        "reserved_fee": "50.50085549865",
        "remaining_fee": "50.50085549865",
        "paid_fee": "0",
        "locked": "20251.84305495865",
        "executed_volume": "0",
        "trades_count": 0
    },
    {
        "uuid": "C0565000000359595554",
        "side": "ask",
        "ord_type": "limit",
        "price": "536",
        "state": "wait",
        "market": "KRW-DOGE",
        "created_at": "2025-01-29T23:44:35+09:00",
        "volume": "40.66604995",
        "remaining_volume": "40.66604995",
        "reserved_fee": "0",
        "remaining_fee": "0",
        "paid_fee": "0",
        "locked": "40.66604995",
        "executed_volume": "0",
        "trades_count": 0
    },
    {
        "uuid": "C0565000000352489106",
        "side": "bid",
        "ord_type": "limit",
        "price": "536",
        "state": "wait",
        "market": "KRW-DOGE",
        "created_at": "2025-01-21T20:27:34+09:00",
        "volume": "37.68720559",
        "remaining_volume": "37.68720559",
        "reserved_fee": "50.5008554906",
        "remaining_fee": "50.5008554906",
        "paid_fee": "0",
        "locked": "20251.8430517306",
        "executed_volume": "0",
        "trades_count": 0
    },
    {
        "uuid": "C0565000000359082436",
        "side": "ask",
        "ord_type": "limit",
        "price": "535",
        "state": "wait",
        "market": "KRW-DOGE",
        "created_at": "2025-01-29T09:16:13+09:00",
        "volume": "41.04684613",
        "remaining_volume": "41.04684613",
        "reserved_fee": "0",
        "remaining_fee": "0",
        "paid_fee": "0",
        "locked": "41.04684613",
        "executed_volume": "0",
        "trades_count": 0
    },
    {
        "uuid": "C0565000000352489012",
        "side": "bid",
        "ord_type": "limit",
        "price": "535",
        "state": "wait",
        "market": "KRW-DOGE",
        "created_at": "2025-01-21T20:27:33+09:00",
        "volume": "37.75764897",
        "remaining_volume": "37.75764897",
        "reserved_fee": "50.500855497375",
        "remaining_fee": "50.500855497375",
        "paid_fee": "0",
        "locked": "20251.843054447375",
        "executed_volume": "0",
        "trades_count": 0
    },
    {
        "uuid": "C0565000000359078188",
        "side": "ask",
        "ord_type": "limit",
        "price": "534",
        "state": "wait",
        "market": "KRW-DOGE",
        "created_at": "2025-01-29T09:08:55+09:00",
        "volume": "41.04684613",
        "remaining_volume": "41.04684613",
        "reserved_fee": "0",
        "remaining_fee": "0",
        "paid_fee": "0",
        "locked": "41.04684613",
        "executed_volume": "0",
        "trades_count": 0
    },
    {
        "uuid": "C0565000000352488897",
        "side": "bid",
        "ord_type": "limit",
        "price": "534",
        "state": "wait",
        "market": "KRW-DOGE",
        "created_at": "2025-01-21T20:27:31+09:00",
        "volume": "37.82835617",
        "remaining_volume": "37.82835617",
        "reserved_fee": "50.50085548695",
        "remaining_fee": "50.50085548695",
        "paid_fee": "0",
        "locked": "20251.84305026695",
        "executed_volume": "0",
        "trades_count": 0
    },
    {
        "uuid": "C0565000000359078200",
        "side": "ask",
        "ord_type": "limit",
        "price": "533",
        "state": "wait",
        "market": "KRW-DOGE",
        "created_at": "2025-01-29T09:08:56+09:00",
